  @article{mlr3,
  title   = {{mlr3}: A modern object-oriented machine learning framework in {R}},
  author  = {Michel Lang and Martin Binder and Jakob Richter and Patrick Schratz and Florian Pfisterer and Stefan Coors and Quay Au and Giuseppe Casalicchio and Lars Kotthoff and Bernd Bischl},
  journal = {Journal of Open Source Software},
  year    = {2019},
  month   = {dec},
  doi     = {10.21105/joss.01903},
  url     = {https://joss.theoj.org/papers/10.21105/joss.01903}
}
@book{hastie2001,
  doi       = {10.1007/978-0-387-21606-5},
  url       = {https://doi.org/10.1007%2F978-0-387-21606-5},
  year      = 2001,
  publisher = {Springer New York},
  author    = {Trevor Hastie and Jerome Friedman and Robert Tibshirani},
  title     = {The Elements of Statistical Learning}
}

@article{muenchow2012,
  title    = {Geomorphic process rates of landslides along a humidity gradient in the tropical Andes},
  journal  = {Geomorphology},
  volume   = {139-140},
  pages    = {271 - 284},
  year     = {2012},
  issn     = {0169-555X},
  doi      = {https://doi.org/10.1016/j.geomorph.2011.10.029},
  url      = {http://www.sciencedirect.com/science/article/pii/S0169555X11005551},
  author   = {J. Muenchow and A. Brenning and M. Richter},
  keywords = {Mass movements, Denudation rate, Geomorphic work, Generalized additive model}
}

@article{legendre1993,
  doi       = {10.2307/1939924},
  url       = {https://doi.org/10.2307%2F1939924},
  year      = 1993,
  month     = {sep},
  publisher = {Wiley},
  volume    = {74},
  number    = {6},
  pages     = {1659--1673},
  author    = {Pierre Legendre},
  title     = {Spatial Autocorrelation: Trouble or New Paradigm?},
  journal   = {Ecology}
}
@inproceedings{brenning2012,
  doi       = {10.1109/igarss.2012.6352393},
  url       = {https://doi.org/10.1109%2Figarss.2012.6352393},
  year      = 2012,
  month     = {jul},
  publisher = {{IEEE}},
  author    = {Alexander Brenning},
  title     = {Spatial cross-validation and bootstrap for the assessment of prediction rules in remote sensing: The {R} package sperrorest},
  booktitle = {2012 {IEEE} International Geoscience and Remote Sensing Symposium}
}
@book{lovelace2019,
  title     = {Geocomputation with {R}},
  author    = {Lovelace, Robin and Nowosad, Jakub and Muenchow, Jannes},
  year      = {2019},
  publisher = {CRC Press}
}
@article{schratz2019,
  doi       = {10.1016/j.ecolmodel.2019.06.002},
  url       = {https://doi.org/10.1016%2Fj.ecolmodel.2019.06.002},
  year      = 2019,
  month     = {aug},
  publisher = {Elsevier {BV}},
  volume    = {406},
  pages     = {109--120},
  author    = {Patrick Schratz and Jannes Muenchow and Eugenia Iturritxa and Jakob Richter and Alexander Brenning},
  title     = {Hyperparameter tuning and performance assessment of statistical and machine-learning algorithms using spatial data},
  journal   = {Ecological Modelling}
}

  @manual{cast,
  title  = {CAST: 'caret' Applications for Spatial-Temporal Models},
  author = {Hanna Meyer},
  year   = {2020},
  note   = {R package version 0.4.2},
  url    = {https://CRAN.R-project.org/package=CAST}
}

  @article{blockCV,
  author  = {Roozbeh Valavi and Jane Elith and José J. Lahoz-Monfort and Gurutzeta Guillera-Arroita},
  title   = {blockCV: An R package for generating spatially or environmentally separated folds for k-fold cross-validation of species distribution models},
  journal = {Methods in Ecology and Evolution},
  volume  = {10},
  number  = {2},
  pages   = {225-232},
  year    = {2019},
  author  = {Roozbeh Valavi and Jane Elith and José J. Lahoz-Monfort and Gurutzeta Guillera-Arroita}
}
@article{roberts2017,
  doi       = {10.1111/ecog.02881},
  url       = {https://doi.org/10.1111%2Fecog.02881},
  year      = 2017,
  month     = {mar},
  publisher = {Wiley},
  volume    = {40},
  number    = {8},
  pages     = {913--929},
  author    = {David R. Roberts and Volker Bahn and Simone Ciuti and Mark S. Boyce and Jane Elith and Gurutzeta Guillera-Arroita and Severin Hauenstein and Jos{\'{e}} J. Lahoz-Monfort and Boris Schröder and Wilfried Thuiller and David I. Warton and Brendan A. Wintle and Florian Hartig and Carsten F. Dormann},
  title     = {Cross-validation strategies for data with temporal, spatial, hierarchical, or phylogenetic structure},
  journal   = {Ecography}
}
@article{pohjankukka2017,
  doi       = {10.1080/13658816.2017.1346255},
  url       = {https://doi.org/10.1080%2F13658816.2017.1346255},
  year      = 2017,
  month     = {jul},
  publisher = {Informa {UK} Limited},
  volume    = {31},
  number    = {10},
  pages     = {2001--2019},
  author    = {Jonne Pohjankukka and Tapio Pahikkala and Paavo Nevalainen and Jukka Heikkonen},
  title     = {Estimating the prediction performance of spatial models via spatial k-fold cross validation},
  journal   = {International Journal of Geographical Information Science}
}
  @book{ggplot2,
  author    = {Hadley Wickham},
  title     = {ggplot2: Elegant Graphics for Data Analysis},
  publisher = {Springer-Verlag New York},
  year      = {2016},
  isbn      = {978-3-319-24277-4},
  url       = {https://ggplot2.tidyverse.org}
}

  @book{plotly,
  author    = {Carson Sievert},
  title     = {Interactive Web-Based Data Visualization with R, plotly, and shiny},
  publisher = {Chapman and Hall/CRC},
  year      = {2020},
  isbn      = {9781138331457},
  url       = {https://plotly-r.com}
}

@misc{mlr3book,
  title  = {mlr3 book},
  author = {Marc Becker and Martin Binder and Bernd Bischl and Michel Lang and Florian Pfisterer and Nicholas G. Reich and Jakob Richter and Patrick Schratz and Raphael Sonabend},
  url    = {https://mlr3book.mlr-org.com},
  year   = {2020},
  month  = {10},
  day    = {29}
}
