@inproceedings{brenning2012,
  doi = {10.1109/igarss.2012.6352393},
  year = 2012,
  month = {jul},
  publisher = {{IEEE}},
  author = {Alexander Brenning},
  title = {{Spatial cross-validation and bootstrap for the assessment of prediction rules in remote sensing: The R package sperrorest}},
  booktitle = {2012 {IEEE} International Geoscience and Remote Sensing Symposium}
}
@article{valavi2018,
  doi = {10.1101/357798},
  year = 2018,
  journal = {{bioRxiv}},
  month = {jun},
  publisher = {Cold Spring Harbor Laboratory},
  author = {Roozbeh Valavi and Jane Elith and Jose J. Lahoz-Monfort and Gurutzeta Guillera-Arroita},
  title = {{blockCV: an R package for generating spatially or environmentally separated folds for k-fold cross-validation of species distribution models}}
  }

@article{schratz2019,
	doi = {10.1016/j.ecolmodel.2019.06.002},
	year = 2019,
	month = {aug},
	publisher = {Elsevier {BV}},
	volume = {406},
	pages = {109--120},
	author = {Patrick Schratz and Jannes Muenchow and Eugenia Iturritxa and Jakob Richter and Alexander Brenning},
	title = {Hyperparameter tuning and performance assessment of statistical and machine-learning algorithms using spatial data},
	journal = {Ecological Modelling}
}
